@article{BurroughsEtAl2016,
  title={{The dynamic relationship between cerebellar Purkinje cell simple spikes and the spikelet number of complex spikes}},
  author={Burroughs, Amelia and Wise, Andrew K and Xiao, Jianqiang and Houghton, Conor and Tang, Tianyu and Suh, Colleen Y and Lang, Eric J and Apps, Richard and Cerminara, Nadia L},
  journal={The Journal of Physiology},
  volume={595},
  no_number={1},
  pages={283--299},
  year={2017},
  publisher={Wiley Online Library},
doi={10.1113/JP272259}
}

@book{ito1984cerebellum,
  title={The cerebellum and neural control},
  author={Ito, Masao},
  year={1984},
  publisher={Raven press}
}

@article{Fujita1968,
  title={Activity of dendrites of single Purkinje cells and its relationship to so-called inactivation response in rabbit cerebellum.},
  author={Fujita, Yasuichiro},
  journal={Journal of Neurophysiology},
  volume={31},
  number={2},
  pages={131--141},
  year={1968}
}

@article{Houghton2014,
  title={Supervised learning with complex spikes and spike-timing-dependent plasticity},
  author={Houghton, Conor},
  journal={PloS one},
  volume={9},
  number={6},
  year={2014},
  publisher={Public Library of Science}
}

@article{EcclesLlinasSasaki1966,
  title={The excitatory synaptic action of climbing fibres on the Purkinje cells of the cerebellum},
  author={Eccles, John C and Llinas, R and Sasaki, K},
  journal={The Journal of physiology},
  volume={182},
  number={2},
  pages={268--296},
  year={1966},
  publisher={Wiley Online Library}
}



@book{eccles2013cerebellum,
  title={The cerebellum as a neuronal machine},
  author={Eccles, John C},
  year={2013},
  publisher={Springer Science \& Business Media}
}

@article{zhang2017ethanol,
  title={Ethanol modulates the spontaneous complex spike waveform of cerebellar Purkinje Cells Recorded in vivo in Mice},
  author={Zhang, Guang-Jian and Wu, Mao-Cheng and Shi, Jin-Di and Xu, Yin-Hua and Chu, Chun-Ping and Cui, Song-Biao and Qiu, De-Lai},
  journal={Frontiers in Cellular Neuroscience},
  volume={11},
  pages={43},
  year={2017},
  publisher={Frontiers}
}

@article{khaliq2005axonal,
  title={Axonal propagation of simple and complex spikes in cerebellar Purkinje neurons},
  author={Khaliq, Zayd M and Raman, Indira M},
  journal={Journal of Neuroscience},
  volume={25},
  number={2},
  pages={454--463},
  year={2005},
  publisher={Soc Neuroscience}
}


@article{fu1997relationship,
  title={Relationship of cerebellar Purkinje cell simple spike discharge to movement kinematics in the monkey},
  author={Fu, Q-G and Flament, D and Coltz, JD and Ebner, TJ},
  journal={Journal of Neurophysiology},
  volume={78},
  number={1},
  pages={478--491},
  year={1997},
  publisher={American Physiological Society Bethesda, MD}
}

@book{ito2011cerebellum,
  title={The Cerebellum: Brain for an Implicit Self},
  author={Ito, Masao},
  year={2011},
  publisher={FT Press Science. Pearson Education}
}


@article{yang2014purkinje,
  title={Purkinje-cell plasticity and cerebellar motor learning are graded by complex-spike duration},
  author={Yang, Yan and Lisberger, Stephen G},
  journal={Nature},
  volume={510},
  number={7506},
  pages={529--532},
  year={2014},
  publisher={Nature Publishing Group}
}

@article{lang1999patterns,
  title={Patterns of spontaneous Purkinje cell complex spike activity in the awake rat},
  author={Lang, Eric J and Sugihara, Izumi and Welsh, John P and Llin{\'a}s, Rodolfo},
  journal={Journal of Neuroscience},
  volume={19},
  number={7},
  pages={2728--2739},
  year={1999},
  publisher={Soc Neuroscience}
}

@article{chen2016cerebellum,
  title={The cerebellum linearly encodes whisker position during voluntary movement},
  author={Chen, Susu and Augustine, George J and Chadderton, Paul},
journal={eLife},
  volume={5},
  pages={e10509},
  year={2016},
  publisher={eLife Sciences Publications Limited}
}


@article{thach1967somatosensory,
  title={Somatosensory receptive fields of single units in cat cerebellar cortex.},
  author={Thach Jr, WT},
  journal={Journal of Neurophysiology},
  volume={30},
  number={4},
  pages={675--696},
  year={1967}
}




@book{PalayChanPalay1974,
    title={Cerebellar Cortex: Cytology and Organisation},
    author={SL, Palay and V Chan-Palay},
    year={1974},
    publisher={Springer-Verlag Berlin Heidelberg}
}

@article{ByrneHindmarsh1975,
  title={A polyalgorithm for the numerical solution of ordinary differential equations},
  author={Byrne, George D. and Hindmarsh, Alan C.},
  journal={ACM Transactions on Mathematical Software (TOMS)},
  volume={1},
  number={1},
  pages={71--96},
  year={1975},
  publisher={ACM New York, NY, USA}
}


@article{CampbellHesslow1986,
  title={{The secondary spikes of climbing fibre responses recorded from Purkinje cell axons in cat cerebellum}},
  author={Campbell, NC and Hesslow, G},
  journal={The Journal of Physiology},
  volume={377},
  pages={225},
  year={1986},
  publisher={Wiley-Blackwell}
}

@article{DavieEtAl2008,
  title={{The origin of the complex spike in cerebellar Purkinje cells}},
  author={Davie, Jenny T and Clark, Beverley A and H{\"a}usser, Michael},
  journal={Journal of Neuroscience},
  volume={28},
  no_number={30},
  pages={7599--7609},
  year={2008},
  publisher={Soc Neuroscience},
doi="10.1523/jneurosci.0559-08.2008"
}

@article{DeSchutterBower1994a,
  title={{An active membrane model of the cerebellar Purkinje cell. I. Simulation of current clamps in slice}},
  author={De Schutter, ERIK and Bower, JAMES M},
  journal={Journal of Neurophysiology},
  volume={71},
  no_number={1},
  pages={375--400},
  year={1994},
  publisher={Am Physiological Soc}
}

@article{DeSchutterBower1994b,
  title={{An active membrane model of the cerebellar Purkinje cell II. Simulation of synaptic responses}},
  author={De Schutter, ERIK and Bower, James M},
  journal={Journal of Neurophysiology},
  volume={71},
  no_number={1},
  pages={401--419},
  year={1994},
  publisher={Am Physiological Soc}
}

@article{DeSchutterBower1994c,
  title={{Simulated responses of cerebellar Purkinje cells are independent of the dendritic location of granule cell synaptic inputs}},
  author={De Schutter, Erik and Bower, James M},
  journal={Proceedings of the National Academy of Sciences},
  volume={91},
  no_number={11},
  pages={4736--4740},
  year={1994},
  publisher={National Acad Sciences}
}

@article{Forrest2014,
 title={{Intracellular calcium dynamics permit a Purkinje neuron model to perform toggle and gain computations upon its inputs}},
  author={Forrest, Michael D},
  journal={Frontiers in Computational Neuroscience},
  volume={8},
  pages={86},
  year={2014},
  publisher={Frontiers},
doi="10.3389/fncom.2014.00086"
}


@article{ForrestEtAl2012,
  title={{The sodium-potassium pump controls the intrinsic firing of the cerebellar Purkinje neuron}},
  author={Forrest, Michael D and Wall, Mark J and Press, Daniel A and Feng, Jianfeng},
  journal={PLoS One},
  volume={7},
  no_number={12},
  pages={e51169},
  year={2012},
  publisher={Public Library of Science},
doi="10.1371/journal.pone.0051169"
} 

@article{GriecoEtAl2002,
  title={{A role for phosphorylation in the maintenance of resurgent sodium current in cerebellar Purkinje neurons}},
  author={Grieco, Tina M and Afshari, Fatemeh S and Raman, Indira M},
  journal={Journal of Neuroscience},
  volume={22},
  no_number={8},
  pages={3100--3107},
  year={2002},
  publisher={Soc Neuroscience}
}

@article{buchin2016inverse,
  title={Inverse stochastic resonance in cerebellar Purkinje cells},
  author={Buchin, Anatoly and Rieubland, Sarah and H{\"a}usser, Michael and Gutkin, Boris S and Roth, Arnd},
  journal={PLoS Computational Biology},
  volume={12},
  number={8},
  year={2016},
  publisher={Public Library of Science}
}


@article{HashimotoKano1998,
  title={{Presynaptic origin of paired-pulse depression at climbing fibre-Purkinje cell synapses in the rat cerebellum}},
  author={Hashimoto, Kouichi and Kano, Masanobu},
  journal={The Journal of Physiology},
  volume={506},
  no_number={2},
  pages={391--405},
  year={1998},
  publisher={Wiley Online Library}
}
@article{HurlockEtAl2008,
 title={{Purkinje-cell-restricted restoration of Kv3. 3 function restores complex spikes and rescues motor coordination in Kcnc3 mutants}},
  author={Hurlock, Edward C and McMahon, Anne and Joho, Rolf H},
  journal={Journal of Neuroscience},
  volume={28},
  no_number={18},
  pages={4640--4648},
  year={2008},
  publisher={Soc Neuroscience},
doi="10.1523/jneurosci.5486-07.2008",
}

@article{KitamuraHaeusser2011,
  title={{Dendritic calcium signaling triggered by spontaneous and sensory-evoked climbing fiber input to cerebellar Purkinje cells in vivo}},
  author={Kitamura, Kazuo and H{\"a}usser, Michael},
  journal={Journal of Neuroscience},
  volume={31},
  no_number={30},
  pages={10847--10858},
  year={2011},
  publisher={Soc Neuroscience},
doi="10.1523/jneurosci.2525-10.2011"
}

@article{KnopfelEtAl1990,
  title={{Climbing Fibre Responses in Olivo-cerebellar Slice Cultures. II. Dynamics of Cytosolic Calcium in Purkinje Cells}},
  author={Kn{\"o}pfel, T and Vranesic, I and Staub, C and G{\"a}hwiler, B H},
  journal={European Journal of Neuroscience},
  volume={3},
  no_number={4},
  pages={343--348},
  year={1991},
  publisher={Wiley Online Library}
}
@article{LevinEtAl2006,
  title={{Impaired motor function in mice with cell-specific knockout of sodium channel Scn8a (NaV1. 6) in cerebellar Purkinje neurons and granule cells}},
  author={Levin, Stephen I and Khaliq, Zayd M and Aman, Teresa K and Grieco, Tina M and Kearney, Jennifer A and Raman, Indira M and Meisler, Miriam H},
  journal={Journal of Neurophysiology},
  volume={96},
  no_number={2},
  pages={785--793},
  year={2006},
  publisher={Am Physiological Soc},
doi="10.1152/jn.01193.2005"
}


@article{LlinasNicholson1971,
  title={{Electrophysiological properties of dendrites and somata in alligator Purkinje cells}},
  author={Llinas, R and Nicholson, C},
  journal={Journal of Neurophysiology},
  volume={34},
  no_number={4},
  pages={532--551},
  year={1971},
  publisher={Am Physiological Soc}
}

@article{SchonewilleEtAl2006,
  title={Purkinje cells in awake behaving animals operate at the upstate membrane potential},
  author={Schonewille, Martijn and Khosrovani, Sara and Winkelman, Beerend HJ and Hoebeek, Freek E and De Jeu, Marcel TG and Larsen, Inger M and Van Der Burg, Johannes and Schmolesky, Matthew T and Frens, Maarten A and De Zeeuw, Chris I},
  journal={Nature Neuroscience},
  volume={9},
  number={4},
  pages={459--461},
  year={2006},
  publisher={Nature Publishing Group}
}

@article{CerminaraRawson2004,
  title={Evidence that climbing fibers control an intrinsic spike generator in cerebellar Purkinje cells},
  author={Cerminara, Nadia L and Rawson, John A},
  journal={Journal of Neuroscience},
  volume={24},
  no_number={19},
  pages={4510--4517},
  year={2004},
  publisher={Soc Neuroscience}
}

@article{LlinasSugimori1980a,
  title={Electrophysiological properties of in vitro Purkinje cell dendrites in mammalian cerebellar slices.},
  author={Llinas, R and Sugimori, M},
  journal={The Journal of Physiology},
  volume={305},
  pages={197--213},
  year={1980},
  publisher={Wiley Online Library}
}

@article{LlinasSugimori1980b,
  title={{Electrophysiological properties of in vitro Purkinje cell somata in mammalian cerebellar slices}},
  author={Llinas, R and Sugimori, M},
  journal={The Journal of Physiology},
  volume={305},
  pages={171},
  year={1980},
  publisher={Wiley-Blackwell}
}

@article{LoewensteinEtAl2005,
  title={{Bistability of cerebellar Purkinje cells modulated by sensory stimulation}},
  author={Loewenstein, Yonatan and Mahon, S{\'e}verine and Chadderton, Paul and Kitamura, Kazuo and Sompolinsky, Haim and Yarom, Yosef and H{\"a}usser, Michael},
  journal={Nature Neuroscience},
  volume={8},
  no_number={2},
  pages={202--211},
  year={2005},
  publisher={Nature Publishing Group},
doi="10.1038/nn1393",
}

@article{Mano1970,
  title={{Changes of simple and complex spike activity of cerebellar Purkinje cells with sleep and waking}},
  author={Mano, Nori-ichi},
  journal={Science},
  volume={170},
  no_number={3964},
  pages={1325--1327},
  year={1970},
  publisher={American Association for the Advancement of Science}
}

@article{MarutaEtAl2007,
  title={{Intraburst and interburst signaling by climbing fibers}},
  author={Maruta, Jun and Hensbroek, Robert A and Simpson, John I},
  journal={Journal of Neuroscience},
  volume={27},
  no_number={42},
  pages={11263--11270},
  year={2007},
  publisher={Soc Neuroscience},
doi="10.1523/jneurosci.2559-07.2007"
}

@article{MathyEtAl2009,
  title={{Encoding of oscillations by axonal bursts in inferior olive neurons}},
  author={Mathy, Alexandre and Ho, Sara SN and Davie, Jenny T and Duguid, Ian C and Clark, Beverley A and H{\"a}usser, Michael},
  journal={Neuron},
  volume={62},
  no_number={3},
  pages={388--399},
  year={2009},
  publisher={Elsevier},
doi="10.1016/j.neuron.2009.03.023",
}

@article{NajafiMedina2013,
  title={{Beyond 'all-or-nothing' climbing fibers: graded representation of teaching signals in Purkinje cells}},
  author={Najafi, Farzaneh and Medina, Javier F},
  journal={Frontiers in Neural Circuits},
  volume={7},
  pages={115},
  year={2013},
  publisher={Frontiers},
doi="10.3389/fncir.2013.00115",
}

@article{OsorioEtAl2010,
  title={{Persistent Nav1.6 current at axon initial segments tunes spike timing of cerebellar granule cells}},
  author={Osorio, Nancy and Cathala, Laurence and Meisler, Miriam H and Crest, Marcel and Magistretti, Jacopo and Delmas, Patrick},
  journal={The Journal of Physiology},
  volume={588},
  no_number={4},
  pages={651--670},
  year={2010},
  publisher={Wiley Online Library},
doi="jphysiol.2010.183798"
}

@article{PalmerEtAl2010,
  title={{Initiation of simple and complex spikes in cerebellar Purkinje cells}},
  author={Palmer, Lucy M and Clark, Beverley A and Gr{\"u}ndemann, Jan and Roth, Arnd and Stuart, Greg J and H{\"a}usser, Michael},
  journal={The Journal of Physiology},
  volume={588},
  no_number={10},
  pages={1709--1717},
  year={2010},
  publisher={Wiley Online Library},
doi="10.1113/jphysiol.2010.188300"
}
@article{RamanBean2001,
  title={{Inactivation and recovery of sodium currents in cerebellar Purkinje neurons: evidence for two mechanisms}},
  author={Raman, Indira M and Bean, Bruce P},
  journal={Biophysical Journal},
  volume={80},
  no_number={2},
  pages={729--737},
  year={2001},
  publisher={Elsevier}
}


@article{BellGrimm1969,
  title={{Discharge properties of Purkinje cells recorded on single and double microelectrodes}},
  author={Bell, Curtis C and Grimm, RJ},
  journal={Journal of Neurophysiology},
  volume={32},
  no_number={6},
  pages={1044--1055},
  year={1969},
  publisher={Am Physiological Soc}
}

@article{GranitPhillips1956,
  title={{Excitatory and inhibitory processes acting upon individual Purkinje cells of the cerebellum in cats}},
  author={Granit, Ragnar and Phillips, CG},
  journal={The Journal of Physiology},
  volume={133},
  no_number={3},
  pages={520--547},
  year={1956},
  publisher={Wiley Online Library}
}

@article{RamanBean1997,
 title={{Resurgent sodium current and action potential formation in dissociated cerebellar Purkinje neurons}},
  author={Raman, Indira M and Bean, Bruce P},
  journal={Journal of Neuroscience},
  volume={17},
  no_number={12},
  pages={4517--4526},
  year={1997},
  publisher={Soc Neuroscience}
}
@article{RudyEtAl1999,
 title={{Contributions of Kv3 channels to neuronal excitability}},
  author={Rudy, Bernardo and Chow, Alan and Lau, David and Amarillo, Yimy and Ozaita, Ander and Saganich, Michael and Moreno, Herman and Nadal, Marcela S and Hernandez-Pineda, Ricardo and Hernandez-Cruz, Arturo and others},
  journal={Annals of the New York Academy of Sciences},
  volume={868},
  no_number={1},
  pages={304--343},
  year={1999},
  publisher={Wiley Online Library}
}
@article{RudyMcBain2001,
  title={{Kv3 channels: voltage-gated K+ channels designed for high-frequency repetitive firing}},
  author={Rudy, Bernardo and McBain, Chris J},
  journal={Trends in Neurosciences},
  volume={24},
  no_number={9},
  pages={517--526},
  year={2001},
  publisher={Elsevier}
}

@article{ServaisEtAl2004,
  title={{Effect of simple spike firing mode on complex spike firing rate and waveform in cerebellar Purkinje cells in non-anesthetized mice}},
  author={Servais, Laurent and Bearzatto, Bertrand and Hourez, Rapha{\"e}l and Dan, Bernard and Schiffmann, Serge N and Cheron, Guy},
  journal={Neuroscience Letters},
  volume={367},
  no_number={2},
  pages={171--176},
  year={2004},
  publisher={Elsevier}
}

@article{StuartHausser1994,
  title={{Initiation and spread of sodium action potentials in cerebellar Purkinje cells}},
  author={Stuart, Greg and H{\"a}usser, Michael},
  journal={Neuron},
  volume={13},
  no_number={3},
  pages={703--712},
  year={1994},
  publisher={Elsevier}
}
@article{VeysEtAl2013,
  title={{Kv3. 3b expression defines the shape of the complex spike in the Purkinje cell}},
  author={Veys, Ken and Snyders, Dirk and De Schutter, Erik},
  journal={Frontiers in Cellular Neuroscience},
  volume={7},
  pages={205},
  year={2013},
  publisher={Frontiers},
doi="10.3389/fncel.2013.00205"
}


@article{DeSmetEtAl2013,
  title={{The cerebellum: its role in language and related cognitive and affective functions}},
  author={De Smet, Hyo Jung and Paquier, Philippe and Verhoeven, Jo and Mari{\"e}n, Peter},
  journal={Brain and Language},
  volume={127},
  no_number={3},
  pages={334--342},
  year={2013},
  publisher={Elsevier},
doi="10.1016/j.bandl.2012.11.001",
}



@article{WarnaarEtAl2015,
  title={{Duration of Purkinje cell complex spikes increases with their firing frequency}},
  author={Warnaar, Pascal and Couto, Joao and Negrello, Mario and Junker, Marc and Smilgin, Aleksandra and Ignashchenkova, Alla and Giugliano, Michele and Thier, Peter and De Schutter, Erik},
  journal={Frontiers in Cellular Neuroscience},
  volume={9},
  year={2015},
  publisher={Frontiers Media SA},
doi="10.3389/fncel.2015.00122"
}

@article{ZhangEtAl1999,
  title={{Specific alteration of spontaneous GABAergic inhibition in cerebellar Purkinje cells in mice lacking the potassium channel Kv1. 1}},
  author={Zhang, Chuan-Li and Messing, Albee and Chiu, Shing Yan},
  journal={Journal of Neuroscience},
  volume={19},
  no_number={8},
  pages={2852--2864},
  year={1999},
  publisher={Soc Neuroscience}
}

@article{ZaghaEtAl2010,
  title={Dendritic Kv3. 3 potassium channels in cerebellar Purkinje cells regulate generation and spatial dynamics of dendritic Ca 2+ spikes},
  author={Zagha, Edward and Manita, Satoshi and Ross, William N and Rudy, Bernardo},
  journal={Journal of Neurophysiology},
  volume={103},
  no_number={6},
  pages={3516--3525},
  year={2010},
  publisher={Am Physiological Soc}
}

@article{ZaghaEtAl2008,
  title={{Kv3. 3 channels at the Purkinje cell soma are necessary for generation of the classical complex spike waveform}},
  author={Zagha, Edward and Lang, Eric J and Rudy, Bernardo},
  journal={Journal of Neuroscience},
  volume={28},
  no_number={6},
  pages={1291--1300},
  year={2008},
  publisher={Soc Neuroscience},
doi="10.1523/jneurosci.4358-07.2008"
}

@article{McKayEtAl2007,
  title={{Climbing fiber discharge regulates cerebellar functions by controlling the intrinsic characteristics of Purkinje cell output}},
  author={McKay, Bruce E and Engbers, Jordan DT and Mehaffey, W Hamish and Gordon, Grant RJ and Molineux, Michael L and Bains, Jaideep S and Turner, Ray W},
  journal={Journal of Neurophysiology},
  volume={97},
  no_number={4},
  pages={2590--2604},
  year={2007},
  publisher={Am Physiological Soc},
doi="10.1152/jn.00627.2006"
}
@article{WilliamsEtAl2002,
  title={{Membrane potential bistability is controlled by the hyperpolarization-activated current IH in rat cerebellar Purkinje neurons in vitro}},
  author={Williams, Stephen R and Christensen, Soren R and Stuart, Greg J and H{\"a}usser, Michael},
  journal={The Journal of Physiology},
  volume={539},
  no_number={2},
  pages={469--483},
  year={2002},
  publisher={Wiley Online Library}
}

@article{SterrattEtAl2012,
  title={{Spine calcium transients induced by synaptically-evoked action potentials can predict synapse location and establish synaptic democracy}},
  author={Sterratt, David C and Groen, Martine R and Meredith, Rhiannon M and Van Ooyen, Arjen},
  journal={PLoS Computational Biology},
  volume={8},
  no_number={6},
  pages={e1002545},
  year={2012},
  publisher={Public Library of Science},
doi="10.1371/journal.pcbi.1002545"
}


@article{MasoliEtAl2015,
 title={{Action potential processing in a detailed Purkinje cell model reveals a critical role for axonal compartmentalization}},
  author={Masoli, Stefano and Solinas, Sergio and D'Angelo, Egidio},
  journal={Frontiers in Cellular Neuroscience},
  volume={9},
  pages={47},
  year={2015},
  publisher={Frontiers},
doi="10.3389/fncel.2015.00047"
}

@article{GilliesWillshaw2006,
  title={{Membrane channel interactions underlying rat subthalamic projection neuron rhythmic and bursting activity}},
  author={Gillies, Andrew and Willshaw, David},
  journal={Journal of Neurophysiology},
  volume={95},
  no_number={4},
  pages={2352--2365},
  year={2006},
  publisher={Am Physiological Soc},
doi="10.1152/jn.00525.2005"
}

@article{Thach1967,
  title={{Somatosensory receptive fields of single units in cat cerebellar cortex}},
  author={Thach, WT},
  journal={Journal of Neurophysiology},
  volume={30},
  no_number={4},
  pages={675--696},
  year={1967},
  publisher={Am Physiological Soc}
}


@article{MiyashoEtAl2001,
  title={{Low-threshold potassium channels and a low-threshold calcium channel regulate Ca 2+ spike firing in the dendrites of cerebellar Purkinje neurons: a modeling study}},
  author={Miyasho, Tsugumichi and Takagi, Hiroshi and Suzuki, Hideo and Watanabe, Shigeo and Inoue, Masashi and Kudo, Yoshihisa and Miyakawa, Hiroyoshi},
  journal={Brain Research},
  volume={891},
  no_number={1},
  pages={106--115},
  year={2001},
  publisher={Elsevier}
}

@article{CheronEtAl2009,
  title={{BK channels control cerebellar Purkinje and Golgi cell rhythmicity in vivo}},
  author={Cheron, Guy and Sausbier, Matthias and Sausbier, Ulrike and Neuhuber, Winfried and Ruth, Peter and Dan, Bernard and Servais, Laurent},
  journal={PloS One},
  volume={4},
  no_number={11},
  pages={e7991},
  year={2009},
  publisher={Public Library of Science},
doi="10.1371/journal.pone.0007991"
}


@article{HirschbergEtAl1998,
  title={{Gating of recombinant small-conductance Ca-activated K+ channels by calcium}},
  author={Hirschberg, Birgit and Maylie, James and Adelman, John P and Marrion, Neil V},
  journal={The Journal of General Physiology},
  volume={111},
  no_number={4},
  pages={565--581},
  year={1998},
  publisher={Rockefeller University Press}
}

@article{LancasterEtAl1991,
  title={{Calcium activates two types of potassium channels in rat hippocampal neurons in culture}},
  author={Lancaster, B and Nicoll, RA and Perkel, David J},
  journal={Journal of Neuroscience},
  volume={11},
  no_number={1},
  pages={23--30},
  year={1991},
  publisher={Soc Neuroscience}
}



@article{KhaliqEtAl2003,
  title={{The contribution of resurgent sodium current to high-frequency firing in Purkinje neurons: an experimental and modeling study}},
  author={Khaliq, Zayd M and Gouwens, Nathan W and Raman, Indira M},
  journal={Journal of Neuroscience},
  volume={23},
  no_number={12},
  pages={4899--4912},
  year={2003},
  publisher={Soc Neuroscience}
}

@article{KhaliqRaman2006,
  title={{Relative contributions of axonal and somatic Na channels to action potential initiation in cerebellar Purkinje neurons}},
  author={Khaliq, Zayd M and Raman, Indira M},
  journal={Journal of Neuroscience},
  volume={26},
  no_number={7},
  pages={1935--1944},
  year={2006},
  publisher={Soc Neuroscience},
doi="10.1523/jneurosci.4664-05.2006"
}


@article{GriffithEtAl2016,
  title={{Control of Ca 2+ Influx and Calmodulin Activation by SK-Channels in Dendritic Spines}},
  author={Griffith, Thom and Tsaneva-Atanasova, Krasimira and Mellor, Jack R},
  journal={PLoS Computational Biology},
  volume={12},
  no_number={5},
  pages={e1004949},
  year={2016},
  publisher={Public Library of Science},
doi="10.1371/journal.pcbi.1004949"
}

@article{ChayKeizer1983,
  title={{Minimal model for membrane oscillations in the pancreatic beta-cell}},
  author={Chay, Teresa Ree and Keizer, Joel},
  journal={Biophysical Journal},
  volume={42},
  no_number={2},
  pages={181--189},
  year={1983},
  publisher={Elsevier}
}

@article{XiaEtAl1998,
  title={{Mechanism of calcium gating in small-conductance calcium-activated potassium channels}},
  author={Xia, X-M and Fakler, B and Rivard, A and Wayman, G and Johnson-Pais, T and Keen, JE and Ishii, T and Hirschberg, B and Bond, CT and Lutsenko, Svetlana and others},
  journal={Nature},
  volume={395},
  no_number={6701},
  pages={503--507},
  year={1998},
  publisher={Nature Publishing Group}
}

@article{CerminaraEtAl2015,
  title={{Redefining the cerebellar cortex as an assembly of non-uniform Purkinje cell microcircuits}},
  author={Cerminara, Nadia L and Lang, Eric J and Sillitoe, Roy V and Apps, Richard},
  journal={Nature Reviews Neuroscience},
  volume={16},
  no_number={2},
  pages={79--93},
  year={2015},
  publisher={Nature Research},
doi="10.1038/nrn3886"
}


@article{RothHausser2001,
  title={{Compartment models of rat cerebellar Purkinje cells based on simultaneous somatic and dendritic patch-clamp recordings}},
  author={Roth, Arnd and Hausser, Michael},
  journal={Journal of Physiology},
  volume={535},
  no_number={2},
  pages={455--472},
  year={2001},
  publisher={The Physiological Society}
}

@article{AkemannKnopfel2006,
  title={Interaction of Kv3 potassium channels and resurgent sodium current influenes the rate of spontaneous firing of Purkinje neurons},
  author={Akemann, Walter and Knopfel, Thomas},
  journal={Journal of Neuroscience},
  volume={17},
  pages={4602--4612},
  year={2006},
  publisher={Society for Neuroscience},
doi="10.1523/jneurosci.5204-05.2006"
}

@article{RappEtAl1994,
  title={{Physiology, morphology and detailed passive models of guinea-pig cerebellar Purkinje cells}},
  author={Rapp, Moshe and Segev, Idan and Yarom, Yosef},
  journal={Journal of Physiology},
  volume={474},
  pages={101--118},
  year={1994},
  publisher={The Physiological Society}
}

@article{RubinCleland2006,
  title={{Dynamical mechanisms of odor processing in olfactory bulb mitral cells}},
  author={Rubin, Daniel and Cleland, Thomas},
  journal={Journal of Neurophysiology},
  volume={96},
  pages={555--568},
  year={2006},
  publisher={American Physiological Society},
doi="10.1152/jn.00264.2006"
}

@article{KanoEtAl1995,
  title={{Ryanodine receptor-mediated intracellular calcium release in rat cerebellar Purkinje neurones}},
  author={Kano, Masanobu and Garaschuk, Olga and Verkhratsky, Alexej and Konnerth, Arthur},
  journal={Journal of Physiology},
  volume={487},
  no_number={1},
  pages={1--16},
  year={1995},
  publisher={The Physiological Society}
}

@book{KochSegev1998,
  title={{Methods in neuronal modeling: from ions to networks}},
  author={Koch, Christof and Segev, Idan},
  year={1998},
  publisher={MIT press},
  address={Cambridge, MA}

}

@article{FierroEtAl1998,
  title={{Intracellular calcium clearance in Purkinje cell somata from rat cerebellar slices}},
  author={Fierro, Leonardo and DiPolo, Reinaldo and Llano, Isabel},
  journal={The Journal of Physiology},
  volume={510},
  no_number={2},
  pages={499--512},
  year={1998},
  publisher={Wiley Online Library}
}



@article{AiraksinenEtAl1997,
  title={{Ataxia and altered dendritic calcium signaling in mice carrying a targeted null mutation of the calbindin D28k gene}},
  author={Airaksinen, Matti S and Eilers, Jens and Garaschuk, Olga and Thoenen, Hans and Konnerth, Arthur and Meyer, Michael},
  journal={Proceedings of the National Academy of Sciences},
  volume={94},
  no_number={4},
  pages={1488--1493},
  year={1997},
  publisher={National Acad Sciences}
}

@article{EilersEtAl1995,
  title={{Subthreshold synaptic Ca 2+ signalling in fine dendrites and spines of cerebellar Purkinje neurons}},
  author={Eilers, Jens and Augustine, George J and Konnerth, Arthur},
  journal={Nature},
  volume={373},
  no_number={6510},
  pages={155},
  year={1995},
  publisher={Nature Publishing Group}
}

@article{HosyEtAl2011,
  title={SK2 channel modulation contributes to compartment-specific dendritic plasticity in cerebellar Purkinje cells},
  author={Ohtsuki, Gen and Piochon, Claire and Adelman, John P and Hansel, Christian},
  journal={Neuron},
  volume={75},
  number={1},
  pages={108--120},
  year={2012},
  publisher={Elsevier}
}

@article{YangLispberger2014,
  title={{Purkinje-cell plasticity and cerebellar motor learning are graded by complex-spike duration}},
  author={Yang, Yan and Lisberger, Stephen G},
  journal={Nature},
  volume={510},
  no_number={7506 },
  pages={529--532},
  year={2014},
  publisher={Nature Research},
doi="10.1038/nature13282"
}

@article{StrengEtAl2017,
  title={{Climbing fibers control Purkinje cell representations of behavior}},
  author={Streng, Martha L and Popa, Laurentiu S and Ebner, Timothy J},
  journal={Journal of Neuroscience},
  volume={37},
  no_number={8},
  pages={1997--2009},
  year={2017},
  publisher={Soc Neuroscience},
doi="10.1523/jneurosci.3163-16.2017"
}

@article{Gilbert1976,
  title={{Simple spike frequency and the number of secondary spikes in the complex spike of the cerebellar Purkinje cell}},
  author={Gilbert, Peter FC},
  journal={Brain Research},
  volume={114},
  no_number={2},
  pages={334--338},
  year={1976},
  publisher={Elsevier}
}

@article{MonsivaisEtAl2005,
  title={Determinants of action potential propagation in cerebellar Purkinje cell axons},
  author={Monsivais, Pablo and Clark, Beverley A and Roth, Arnd and H{\"a}usser, Michael},
  journal={Journal of Neuroscience},
  volume={25},
  no_number={2},
  pages={464--472},
  year={2005},
  publisher={Soc Neuroscience},
doi="10.1523/jneurosci.3871-04.2005"
}

@article{KayEtAl1998,
  title={{Kinetic and stochastic properties of a persistent sodium current in guinea pig cerebellar Purkinje cells}},
  author={Kay, Alan and Sugimori, Mutsuyuki and Llinas, Rodolfo},
  journal={Journal of Neurophysiology},
  volume={80},
  no_number={3},
  pages={1167--1179},
  year={1998},
  publisher={The American Physiological Society}
}
%% link: http://jn.physiology.org/content/jn/80/3/1167.full.pdf

@article{CainSnutch2010,
  title={{Contributions of T-type calcium channel isoforms to neuronal firing}},
  author={Cain, Stuart and Snutch, Terrance},
  journal={Channels (Austin)},
  volume={4},
  no_number={6},
  pages={475--482},
  year={2010},
  publisher={Landes Bioscience},
doi="10.4161/chan.4.6.14106"
}
%% link: https://www.ncbi.nlm.nih.gov/pubmed/21139420


@article{TabataEtAl2005,
  title={{GABAergic activation of an inwardly rectifying K+ current in mouse cerebellar Purkinje cells}},
  author={Tabata, Toshihide and Haruki, Shigeki and Nakayama, Hisako and Kano, Masanobu},
  journal={The Journal of Physiology},
  volume={563},
  no_number={2},
  pages={443--457},
  year={2005},
  publisher={The Physiological Society},
doi="10.1113/jphysiol.2004.081000"
}
%% link: https://www.ncbi.nlm.nih.gov/pmc/articles/PMC1665589/pdf/tjp0563-0443.pdf


@incollection{YamadaEtAl1989,
  title={{Multiple Channels and calcium dynamics}},
  author={Yamada, W. M. and C. Koch and P. R. Adams},
  booktitle={Methods in Neuronal Modeling: From Synapses to Networks}, 
editor={Koch, C. and Segev, I.},
  volume={},
  no_number={},
  pages={97--133},
  year={1989},
  publisher={MIT Press},
 address={Cambridge, MA}
}




@article{XiaoEtAl2014,
    author = {Xiao, Jianqiang AND Cerminara, Nadia L. AND Kotsurovskyy, Yuriy AND Aoki, Hanako AND Burroughs, Amelia AND Wise, Andrew K. AND Luo, Yuanjun AND Marshall, Sarah P. AND Sugihara, Izumi AND Apps, Richard AND Lang, Eric J.},
    journal = {PLoS ONE},
    publisher = {Public Library of Science},
    title = {Systematic Regional Variations in Purkinje Cell Spiking Patterns},
    year = {2014},
    month = {08},
    volume = {9},
    url = {https://doi.org/10.1371/journal.pone.0105633},
    pages = {1-14},
    number = {8},
    doi = {10.1371/journal.pone.0105633}
}

@Article{EgorovaEtAl2014,
author="Egorova, P. A.
and Karelina, T. V.
and Vlasova, O. L.
and Antonov, S. M.
and Bezprozvanny, I. B.",
title="The effect of SK channel modulators on the simple spike firing frequency in discharge of cerebellar Purkinje cells in laboratory mice",
journal="Journal of Evolutionary Biochemistry and Physiology",
year="2014",
month="Mar",
day="01",
volume="50",
number="2",
pages="114--120",
issn="1608-3202",
doi="10.1134/S0022093014020045",
url="https://doi.org/10.1134/S0022093014020045"
}

@ARTICLE{Xian-HuaEtAl2017,
AUTHOR={Jin, Xian-Hua and Wang, Hong-Wei and Zhang, Xin-Yuan and Chu, Chun-Ping and Jin, Yuan-Zhe and Cui, Song-Biao and Qiu, De-Lai},   	 
TITLE={Mechanisms of Spontaneous Climbing Fiber Discharge-Evoked Pauses and Output Modulation of Cerebellar Purkinje Cell in Mice},      	
JOURNAL={Frontiers in Cellular Neuroscience},      	
VOLUME={11},      
PAGES={247},     	
YEAR={2017},      	  
URL={https://www.frontiersin.org/article/10.3389/fncel.2017.00247},       	
DOI={10.3389/fncel.2017.00247},      	
ISSN={1662-5102},   
}

@article{VoogdGlickstein1998,
  title={The anatomy of the cerebellum},
  author={Voogd, Jan and Glickstein, Mitchell},
  journal={Trends in cognitive sciences},
  volume={2},
  number={9},
  pages={307--313},
  year={1998},
  publisher={Elsevier}
}


%% the isope2010 references is wrong - i can't find it either. Here's an alternative review, which I found cited in Engbers et al., 2013, frontiers in cellular neuroscience:
@article{CainandSnutch2010,
  title={Contributions of T-type calcium channel isoforms to neuronal firing},
  author={Cain, Stuart and Snutch, Terrance},
  journal={Channels (Austin)},
  volume={4},
  number={6},
  pages={475--482},
  year={2010},
  publisher={Landes Bioscience}
}
%% link: https://www.ncbi.nlm.nih.gov/pubmed/21139420


@article{TankEtAl1988,
  title={Spatially resolved calcium dynamics of mammalian Purkinje cells in cerebellar slice},
  author={Tank, D and Sugimori, Mutsuyuki and Connor, J and Llinás, Rodolfo},
  journal={Science},
  volume={242},
  number={4879},
  pages={773-7},
  year={1998},
  publisher={American Association for the Advancement of Science}
}


@article {WomackEtAl2003,
	author = {Womack, Mary D. and Khodakhah, Kamran},
	title = {Somatic and Dendritic Small-Conductance Calcium-Activated Potassium Channels Regulate the Output of Cerebellar Purkinje Neurons},
	volume = {23},
	number = {7},
	pages = {2600--2607},
	year = {2003},
	doi = {10.1523/JNEUROSCI.23-07-02600.2003},
	publisher = {Society for Neuroscience},
	issn = {0270-6474},
	URL = {http://www.jneurosci.org/content/23/7/2600},
	eprint = {http://www.jneurosci.org/content/23/7/2600.full.pdf},
	journal = {Journal of Neuroscience}
}



@article{ZangEtAl2018,
title = "Voltage- and Branch-Specific Climbing Fiber Responses in Purkinje Cells",
journal = "Cell Reports",
volume = "24",
number = "6",
pages = "1536 - 1549",
year = "2018",
issn = "2211-1247",
doi = "https://doi.org/10.1016/j.celrep.2018.07.011",
url = "http://www.sciencedirect.com/science/article/pii/S221112471831088X",
author = "Yunliang Zang and Stéphane Dieudonné and Erik De Schutter",
keywords = "cerebellum, Purkinje cell, climbing fiber, complex spikes, dendritic spikes, dendritic excitability, biophysical model, energy consumption",
abstract = "Summary
Climbing fibers (CFs) provide instructive signals driving cerebellar learning, but mechanisms causing the variable CF responses in Purkinje cells (PCs) are not fully understood. Using a new experimentally validated PC model, we unveil the ionic mechanisms underlying CF-evoked distinct spike waveforms on different parts of the PC. We demonstrate that voltage can gate both the amplitude and the spatial range of CF-evoked Ca2+ influx by the availability of K+ currents. This makes the energy consumed during a complex spike (CS) also voltage dependent. PC dendrites exhibit inhomogeneous excitability with individual branches as computational units for CF input. The variability of somatic CSs can be explained by voltage state, CF activation phase, and instantaneous CF firing rate. Concurrent clustered synaptic inputs affect CSs by modulating dendritic responses in a spatially precise way. The voltage- and branch-specific CF responses can increase dendritic computational capacity and enable PCs to actively integrate CF signals."
}


@article{GranitPhilips1956,
  title={Excitatory and inhibitory processes acting upon individual Purkinje cells of the cerebellum in cats},
  author={Granit, Ragnar and Phillips, CG},
  journal={The Journal of Physiology},
  volume={133},
  number={3},
  pages={520--547},
  year={1956},
  publisher={Wiley Online Library}
}


@article{LathamPaul1970,
  title={Climbing fibre responses of cerebellar Purkinje cells.},
  author={Latham, A and Paul, DH},
  journal={The Journal of physiology},
  volume={207},
  number={2},
  pages={56P--57P},
  year={1970}
}

@article{BloedelRoberts1971,
  title={Action of climbing fibers in cerebellar cortex of the cat.},
  author={Bloedel, JAMES R and Roberts, WILLIAM J},
  journal={Journal of Neurophysiology},
  volume={34},
  number={1},
  pages={17--31},
  year={1971}
}



@article{armstrong1979activity,
  title={Activity patterns of cerebellar cortical neurones and climbing fibre afferents in the awake cat.},
  author={Armstrong, DM and Rawson, JA},
  journal={The Journal of Physiology},
  volume={289},
  number={1},
  pages={425--448},
  year={1979},
  publisher={Wiley Online Library}
}


@article{ArmstrongRawson1979,
  title={Activity patterns of cerebellar cortical neurones and climbing fibre afferents in the awake cat.},
  author={Armstrong, DM and Rawson, JA},
  journal={The Journal of Physiology},
  volume={289},
  number={1},
  pages={425--448},
  year={1979},
  publisher={Wiley Online Library}
}

@article{SatoEtAl1992,
  title={Short-term modulation of cerebellar Purkinje cell activity after spontaneous climbing fiber input},
  author={Sato, Y and Miura, AKIRA and Fushiki, HIROAKI and Kawasaki, TADASHI},
  journal={Journal of Neurophysiology},
  volume={68},
  number={6},
  pages={2051--2062},
  year={1992},
  publisher={American Physiological Society Bethesda, MD}
}

@article{BausweinEtAl1983,
  title={Simple and complex spike activity of cerebellar Purkinje cells during active and passive movements in the awake monkey.},
  author={Bauswein, E and Kolb, FP and Leimbeck, B and Rubia, FJ},
  journal={The Journal of Physiology},
  volume={339},
  number={1},
  pages={379--394},
  year={1983},
  publisher={Wiley Online Library}
}
